@article{vebi21a,
  title={X*: Anytime multi-agent path finding for sparse domains using window-based iterative repairs},
  author={Vedder, Kyle and Biswas, Joydeep},
  journal={Artificial Intelligence},
  volume={291},
  pages={103417},
  year={2021},
  publisher={Elsevier}
}


@inproceedings{husvobbass22b,
  title={Multi-agent Pathfinding on Large Maps Using Graph Pruning: This Way or That Way?},
  author={{\v{S}}vancara, J. and Obermeier, Philipp and Hus{\'a}r, Matej and Bart{\'a}k, Roman and Schaub, Torsten},
  booktitle={Proceedings of the International Symposium on Combinatorial Search},
  volume={15},
  number={1},
  pages={320--322},
  year={2022}
}

@article{rerhhch17a,
  title={Subdimensional expansion for multi-objective multi-agent path finding},
  author={Ren, Zhongqiang and Rathinam, Sivakumar and Choset, Howie},
  journal={IEEE Robotics and Automation Letters},
  volume={6},
  number={4},
  pages={7153--7160},
  year={2021},
  publisher={IEEE}
}

@inproceedings{brse22a,
  title={'Why Not This MAPF Plan Instead?'Contrastive Map-based Explanations for Optimal MAPF},
  author={Brand{\~a}o, Martim and Setiawan, Yonathan},
  booktitle={ICAPS 2022 Workshop on Explainable AI Planning},
  year={2022}
}

@inproceedings{coko16a,
  title={Bounded Suboptimal Multi-Agent Path Finding Using Highways.},
  author={Cohen, Liron and Koenig, Sven},
  booktitle={IJCAI},
  pages={3978--3979},
  year={2016}
}


@inproceedings{naphli12a,
  title={Anytime safe interval path planning for dynamic environments},
  author={Narayanan, Venkatraman and Phillips, Mike and Likhachev, Maxim},
  booktitle={2012 IEEE/RSJ International Conference on Intelligent Robots and Systems},
  pages={4708--4715},
  year={2012},
  organization={IEEE}
}

@inproceedings{phli11a,
  title={Sipp: Safe interval path planning for dynamic environments},
  author={Phillips, Mike and Likhachev, Maxim},
  booktitle={2011 IEEE International Conference on Robotics and Automation},
  pages={5628--5635},
  year={2011},
  organization={IEEE}
}

@inproceedings{lichhadapeko22a,
  title={Anytime multi-agent path finding via large neighborhood search},
  author={Li, Jiaoyang and Chen, Zhe and Harabor, Daniel and Stuckey, P and Koenig, Sven},
  booktitle={International Joint Conference on Artificial Intelligence (IJCAI)},
  year={2021}
}


@inproceedings{komenda2013repair,
  title={How to repair multi-agent plans: Experimental approach},
  author={Komenda, Anton{\i}n and Nov{\'a}k, Peter and Pechoucek, Michal and Nissim, Raz and Kovacs, Daniel L and Brafman, Ronen},
  booktitle={Proceedings of Distributed and Multi-agent Planning (DMAP) Workshop of 23rd International Conference on Automated Planning and Scheduling (ICAPSâ€™13)},
  year={2013},
  organization={Citeseer}
}

@inproceedings{habochal21a,
  title={Most Diverse Near-Shortest Paths},
  author={H{\"a}cker, Christian and Bouros, Panagiotis and Chondrogiannis, Theodoros and Althaus, Ernst},
  booktitle={Proceedings of the 29th International Conference on Advances in Geographic Information Systems},
  pages={229--239},
  year={2021}
}


@inproceedings{hanaka2022computing,
  title={Computing diverse shortest paths efficiently: A theoretical and experimental study},
  author={Hanaka, Tesshu and Kobayashi, Yasuaki and Kurita, Kazuhiro and Lee, See Woo and Otachi, Yota},
  booktitle={Proceedings of the AAAI Conference on Artificial Intelligence},
  volume={36},
  number={4},
  pages={3758--3766},
  year={2022}
}


@article{stern19a,
  title={Multi-agent path finding--an overview},
  author={Stern, Roni},
  journal={Artificial Intelligence},
  pages={96--115},
  year={2019},
  publisher={Springer}
}

@article{foghkuhagu21a,
  title={A systematic literature review of A* pathfinding},
  author={Foead, Daniel and Ghifari, Alifio and Kusuma, Marchel Budi and Hanafiah, Novita and Gunawan, Eric},
  journal={Procedia Computer Science},
  volume={179},
  pages={507--514},
  year={2021},
  publisher={Elsevier}
}

@article{nebel19a,
  doi = {10.48550/ARXIV.1911.04871},
  url = {https://arxiv.org/abs/1911.04871},
  author = {Nebel, Bernhard},
  keywords = {Artificial Intelligence (cs.AI), Computational Complexity (cs.CC), FOS: Computer and information sciences, FOS: Computer and information sciences, I.2.8},
  title = {On the Computational Complexity of Multi-Agent Pathfinding on Directed Graphs},
  publisher = {arXiv},
  year = {2019},
  copyright = {arXiv.org perpetual, non-exclusive license}
}


@misc{pili20a,
  author       = "{Leo, Pinetzki and Jarek, Liesen}",
  howpublished = {Master Thesis},
  title        = {{Plan Merging in Asprilo's m-Domain}},
  year         = 2020,
}


@article{luis2020plan,
  title={Plan merging by reuse for multi-agent planning},
  author={Luis, Nerea and Fern{\'a}ndez, Susana and Borrajo, Daniel},
  journal={Applied Intelligence},
  volume={50},
  pages={365--396},
  year={2020},
  publisher={Springer}
}

@incollection{delling2009engineering,
  title={Engineering route planning algorithms},
  author={Delling, Daniel and Sanders, Peter and Schultes, Dominik and Wagner, Dorothea},
  booktitle={Algorithmics of large and complex networks: design, analysis, and simulation},
  pages={117--139},
  year={2009},
  publisher={Springer}
}